@article{Gilbert:2002:BCF:564585.564601,
	author = {Gilbert, Seth and Lynch, Nancy},
	title = {Brewer's conjecture and the feasibility of consistent, available, partition-tolerant web services}, 
	journal = {SIGACT News},
 	issue_date = {June 2002},
	volume = {33},
 	number = {2},
 	month = jun,
 	year = {2002},
 	issn = {0163-5700},
 	pages = {51--59},
 	numpages = {9},
 	ee = {http://doi.acm.org/10.1145/564585.564601},
 	doi = {10.1145/564585.564601},
 	acmid = {564601},
 	publisher = {ACM},
 	address = {New York, NY, USA},
}

@article{DBLP:journals/queue/Vogels08a,
  author    = {Werner Vogels},
  title     = {Eventually Consistent},
  journal   = {ACM Queue},
  volume    = {6},
  number    = {6},
  year      = {2008},
  pages     = {14-19},
  ee        = {http://doi.acm.org/10.1145/1466443.1466448},
  bibsource = {DBLP, http://dblp.uni-trier.de}
}

@article{Saito:2005:OR:1057977.1057980,
 author = {Saito, Yasushi and Shapiro, Marc},
 title = {Optimistic replication},
 journal = {ACM Comput. Surv.},
 issue_date = {March 2005},
 volume = {37},
 number = {1},
 month = mar,
 year = {2005},
 issn = {0360-0300},
 pages = {42--81},
 numpages = {40},
 ee = {http://doi.acm.org/10.1145/1057977.1057980},
 doi = {10.1145/1057977.1057980},
 acmid = {1057980},
 publisher = {ACM},
 address = {New York, NY, USA},
 keywords = {Replication, disconnected operation, distributed systems, large scale systems, optimistic techniques},
}

@inproceedings{Terry:1995:MUC:224056.224070,
 author = {Terry, D. B. and Theimer, M. M. and Petersen, Karin and Demers, A. J. and Spreitzer, M. J. and Hauser, C. H.},
 title = {Managing update conflicts in Bayou, a weakly connected replicated storage system},
 booktitle = {Proceedings of the fifteenth ACM symposium on Operating systems principles},
 series = {SOSP '95},
 year = {1995},
 isbn = {0-89791-715-4},
 location = {Copper Mountain, Colorado, United States},
 pages = {172--182},
 numpages = {11},
 ee = {http://doi.acm.org/10.1145/224056.224070},
 doi = {10.1145/224056.224070},
 acmid = {224070},
 publisher = {ACM},
 address = {New York, NY, USA},
}

@inproceedings{DeCandia:2007:DAH:1294261.1294281,
 	author = {DeCandia, Giuseppe and Hastorun, Deniz and Jampani, Madan and Kakulapati, Gunavardhan and Lakshman, Avinash and Pilchin, Alex and Sivasubramanian, Swaminathan and Vosshall, Peter and Vogels, Werner},
 	title = {Dynamo: amazon's highly available key-value store},
 	booktitle = {Proceedings of twenty-first ACM SIGOPS symposium on Operating systems principles},
 	series = {SOSP '07},
 	year = {2007},
 	isbn = {978-1-59593-591-5},
 	location = {Stevenson, Washington, USA},
 	pages = {205--220},
 	numpages = {16},
 	ee = {http://doi.acm.org/10.1145/1294261.1294281},
 	doi = {10.1145/1294261.1294281},
 	acmid = {1294281},
 	publisher = {ACM},
 	address = {New York, NY, USA},
 	keywords = {performance, reliability, scalability},
}

@inproceedings{Shapiro:2011:CRD:2050613.2050642,
 	author = {Shapiro, Marc and Pregui\c{c}a, Nuno and Baquero, Carlos and Zawirski, Marek},
 	title = {Conflict-free replicated data types},
 	booktitle = {Proceedings of the 13th international conference on Stabilization, safety, and security of distributed systems},
 	series = {SSS'11},
 	year = {2011},
 	isbn = {978-3-642-24549-7},
 	location = {Grenoble, France},
 	pages = {386--400},
 	numpages = {15},
 	ee = {http://dl.acm.org/citation.cfm?id=2050613.2050642},
 	acmid = {2050642},
 	publisher = {Springer-Verlag},
 	address = {Berlin, Heidelberg},
 	keywords = {eventual consistency, large-scale distributed systems, replicated shared objects},
}